@inproceedings{SquadPaper,
  author  = {Pranav Rajpurkar, Robin Jia, Percy Liang},
  title   = {Know What You Don't Know: Unanswerable Questions for SQuAD},
  year    = {2018},
}

@inproceedings{BERTPaper,
  author  = {Jacob Devlin Ming-Wei Chang Kenton Lee Kristina Toutanova},
  title   = {BERT: Pre-training of Deep Bidirectional Transformers for Language Understanding},
  year    = {2019},
}

@inproceedings{BERTsquad,
  author  = {Yuwen Zhang, Zhaozhuo Xu},
  title   = {BERT for Question Answering on SQuAD 2.0},
  year    = {2019}
}

@inproceedings{ALBERT,
  author  = {Zhenzhong Lan. Mingda Chen. Sebastian Goodman. Kevin Gimpel. Piyush Sharma. Radu Soricut},
  title   = {ALBERT: A Lite BERT for Self-supervised Learning of Language Representations},
  year    = {2020}
}

@inproceedings{Attention,
  author  = {Ashish Vaswani, Noam Shazeer},
  title   = {Attention Is All You Need},
  year    = {2017}
}

@inproceedings{ALBERTsquad,
  author  = {Shilun Li, Renee Li, Veronica Peng},
  title   = {Ensemble ALBERT on SQuAD 2.0},
  year    = {2021}
}

@inproceedings{SQuADfirst,
  author  = {Pranav Rajpurkar, Jian Zhang, Konstantin Lopyrev},
  title   = {SQuAD: 100,000+ Questions for Machine Comprehension of Text},
  year    = {2016}
}

@inproceedings{glove,
  author  = {Jeffrey Pennington, Richard Socher, Christopher D. Manning},
  title   = {GloVe: Global Vectors for Word Representation},
  year    = {2014}
}

@inproceedings{BIDAF,
  author  = {Ramon Tuason, Daniel Grazian, Genki Kondo},
  title   = {BiDAF Model for Question Answering},
  year    = {2016}
}

@inproceedings{BERTbidaf,
  author  = {Andrew Ying},
  title   = {Really Paying Attention: A BERT+BiDAF Ensemble
Model for Question-Answering},
}

@inproceedings{RetroReader,
  author  = {Zhuosheng Zhang, Junjie Yang, Hai Zhao},
  title   = {Retrospective Reader for Machine Reading Comprehension},
  year    = {2020}
}

@inproceedings{reviewQAS,
  author  = {Bolanle Ojokoh,  Emmanuel Adebisi},
  title   = {A Review of Question Answering Systems},
  year    = {2018}
}

@inproceedings{extendedQAS,
  author  = {Lingyan Hao,  Yi Wei},
  title   = {Extended QA System on SQuAD 2.0 },
}

@inproceedings{QASsquadtwo,
  author  = {Boxiao Pan,  Gael Colas},
  title   = {Question Answering on SQuAD 2.0},
}
